@misc{compCars,
    author = {Linjie Yang and Ping Luo and Chen Change Loy and Xiaoou Tang},
    title = {A Large-Scale Car Dataset for Fine-Grained Categorization and Verification},
    publisher = {CVPR},
    year = {2015},
    howpublished = {Available at \url{http://mmlab.ie.cuhk.edu.hk/datasets/comp_cars/CompCars.pdf}},
    note = {[cited 5 September 2022]}
}

@article{militaryData,
    title = {Military and Civilian Vehicles Classification},
    journal = {Mendeley Data},
    author = {Priyanka Gupta and Bhavya Pareek and Gaurav Singal and D Vijay Rao},
    year ={2021},
    doi = {10.17632/njdjkbxdpn.1},
    url= {https://data.mendeley.com/datasets/njdjkbxdpn/1},
    note = {[cited 5 September 2022]}
}

@misc{githubWorkflows,
    title = {About workflows},
    author = {GitHub Docs},
    publisher = {GitHub Inc.},
    year = {2022},
    howpublished = {Available at \url{https://docs.github.com/en/actions/using-workflows/about-workflows}},
    note = {[cited 5 September 2022]}
}

@article{linting,
    title = {Enhancing Code Quality With Github Actions},
    author = {Arvind Singh Rawat},
    year = {2020},
    journal = {Medium},
    url = {https://medium.com/swlh/enhancing-code-quality-with-github-actions-67561c6f7063},
    note = {[cited 5 September 2022]}
}

@misc{dronesAI,
    title= {A.I. drones used in the Ukraine war raise fears of killer robots wreaking havoc across future battlefields},
    author = {Jeremy Kahn},
    year = {2022},
    publisher = {Fortune Magazine},
    howpublished = {Available at \url{https://fortune.com/2022/03/29/artificial-intelligence-drones-autonomous-weapons-loitering-munitions-\\slaughterbots-ukraine-war/}
    },
    note = {[cited 5 September 2022]}
}

@article{CNN,
    title = {A Fast Military Object Recognition using
Extreme Learning Approach on CNN},
    author = {Hari Surrisyad, Wahyono},
    journal = {IJACSA},
    volume =  {11},
    number = {12},
    year = {2020},
    url = {https://thesai.org/Downloads/Volume11No12/Paper_27-A_Fast_Military_Object_Recognition.pdf},
    note = {[cited 5 September 2022]}
}

@misc{objectDetect,
    title = {Military object detection in defense using multi-level capsule networks},
    author = {B. Janakiramaiah and G. Kalyani and A. Karuna and L. V. Narasimha Prasad and M. Krishna},
    year = {2021},
    journal = {Soft Computing},
    doi = {[https://doi.org/10.1007/s00500-021-05912-0](https://doi.org/10.1007/s00500-021-05912-0)},
    url = {https://link.springer.com/article/10.1007/s00500-021-05912-0\#citeas},
    note = {[cited 5 September 2022]}
}


